<record><leader>00000cas a22000007a 4500</leader><controlfield tag="001">16126244</controlfield><controlfield tag="008">870702d18611865iauwr ne      0    0eng d</controlfield><datafield ind1=" " ind2=" " tag="010"><subfield code="a">sn 87058437 </subfield></datafield><datafield ind1=" " ind2=" " tag="040"><subfield code="a">INP</subfield><subfield code="b">eng</subfield><subfield code="c">INP</subfield><subfield code="d">OCLCQ</subfield></datafield><datafield ind1=" " ind2=" " tag="042"><subfield code="a">msc</subfield></datafield><datafield ind1="0" ind2="4" tag="245"><subfield code="a">The North Iowa standard.</subfield></datafield><datafield ind1="3" ind2="0" tag="246"><subfield code="a">Iowa standard</subfield></datafield><datafield ind1=" " ind2=" " tag="260"><subfield code="a">Osage, Mitchell County, Iowa :</subfield><subfield code="b">Rufus K. Crum,</subfield><subfield code="c">-1865.</subfield></datafield><datafield ind1=" " ind2=" " tag="300"><subfield code="a">v.</subfield></datafield><datafield ind1=" " ind2=" " tag="310"><subfield code="a">Weekly</subfield></datafield><datafield ind1="1" ind2=" " tag="362"><subfield code="a">Began in Nov. 1861.</subfield></datafield><datafield ind1="0" ind2=" " tag="362"><subfield code="a">-v. 3, no. 7 (Mar. 10, 1865).</subfield></datafield><datafield ind1=" " ind2=" " tag="588"><subfield code="a">Description based on: Vol. 2, no. 8 (Jan. 15, 1864).</subfield></datafield><datafield ind1=" " ind2=" " tag="752"><subfield code="a">United States</subfield><subfield code="b">Iowa</subfield><subfield code="c">Mitchell</subfield><subfield code="d">Osage.</subfield></datafield><datafield ind1="0" ind2="0" tag="780"><subfield code="t">North Iowan (Osage, Iowa : 1860)</subfield></datafield><datafield ind1="0" ind2="0" tag="785"><subfield code="t">North Iowan (Osage, Iowa : 1865)</subfield><subfield code="w">(DLC)sn 87058438</subfield></datafield></record>